<record><leader>00000cas a2200000 a 4500</leader><controlfield tag="001">22714917</controlfield><controlfield tag="008">901119d18991980iludr ne      0   a0eng c</controlfield><datafield ind1=" " ind2=" " tag="010"><subfield code="a">sn 90054708 </subfield></datafield><datafield ind1=" " ind2=" " tag="040"><subfield code="a">NVF</subfield><subfield code="b">eng</subfield><subfield code="c">NVF</subfield><subfield code="d">OCLCQ</subfield><subfield code="d">NVF</subfield><subfield code="d">OCLCQ</subfield><subfield code="d">OCLCF</subfield><subfield code="d">NVF</subfield><subfield code="d">OCLCO</subfield></datafield><datafield ind1="1" ind2=" " tag="029"><subfield code="a">AU@</subfield><subfield code="b">000020615147</subfield></datafield><datafield ind1=" " ind2=" " tag="042"><subfield code="a">pcc</subfield></datafield><datafield ind1=" " ind2=" " tag="043"><subfield code="a">n-us-il</subfield></datafield><datafield ind1="0" ind2=" " tag="130"><subfield code="a">Decatur herald (Decatur, Ill. : Daily)</subfield></datafield><datafield ind1="1" ind2="4" tag="245"><subfield code="a">The Decatur herald.</subfield></datafield><datafield ind1="1" ind2=" " tag="246"><subfield code="i">Published on Sundays as:</subfield><subfield code="a">Sunday morning Decatur herald</subfield><subfield code="f">Nov. 30, 1902-Sept. 11, 1904</subfield></datafield><datafield ind1="1" ind2=" " tag="246"><subfield code="i">Published on Sundays as:</subfield><subfield code="a">Decatur Sunday herald and review</subfield><subfield code="f">Sept. 9, 1931-1980</subfield></datafield><datafield ind1="1" ind2="7" tag="246"><subfield code="a">Morning herald</subfield><subfield code="f">&lt;Jan. 1&gt;-Sept. 3, 1900</subfield></datafield><datafield ind1="1" ind2="7" tag="246"><subfield code="a">Decatur daily herald</subfield><subfield code="f">Sept. 4, 1901-Jan. 30, 1916</subfield></datafield><datafield ind1="1" ind2="3" tag="246"><subfield code="a">Decatur morning herald</subfield><subfield code="f">Jan. 20, 1927-Mar. 15, 1930</subfield></datafield><datafield ind1="1" ind2="3" tag="246"><subfield code="a">Herald and review</subfield><subfield code="f">July 15-21, 1937</subfield></datafield><datafield ind1="1" ind2=" " tag="246"><subfield code="i">Published on holidays as:</subfield><subfield code="a">Decatur herald and review</subfield><subfield code="f">Sept. 1, 1941-1980</subfield></datafield><datafield ind1=" " ind2=" " tag="260"><subfield code="a">Decatur, Ill. :</subfield><subfield code="b">Herald-Despatch Co.,</subfield><subfield code="c">1899-1980.</subfield></datafield><datafield ind1=" " ind2=" " tag="300"><subfield code="a">v.</subfield></datafield><datafield ind1=" " ind2=" " tag="310"><subfield code="a">Daily,</subfield><subfield code="b">Oct. 25, 1904-1980</subfield></datafield><datafield ind1=" " ind2=" " tag="321"><subfield code="a">Daily (except Sunday),</subfield><subfield code="b">Aug. 26, 1899-Dec. 1, 1900</subfield></datafield><datafield ind1=" " ind2=" " tag="321"><subfield code="a">Daily (except Monday),</subfield><subfield code="b">Dec. 2, 1900-Oct. 24, 1904</subfield></datafield><datafield ind1="0" ind2=" " tag="362"><subfield code="a">Vol. 19, no. 18 (Aug. 26, 1899)-v. 101, no. 153 (June 28, 1980) ; v. 50, no. 26 (June 29, 1980).</subfield></datafield><datafield ind1=" " ind2=" " tag="515"><subfield code="a">Continues the numbering of Morning herald-dispatch.</subfield></datafield><datafield ind1=" " ind2=" " tag="515"><subfield code="a">Sunday and holiday issues each have their own numbering.</subfield></datafield><datafield ind1=" " ind2=" " tag="515"><subfield code="a">No paper published: July 11-14, 1937 due to American Newspaper Guild strike.</subfield></datafield><datafield ind1=" " ind2=" " tag="580"><subfield code="a">Published combined issue with: Decatur daily review, July 15-July 20, 1937.</subfield></datafield><datafield ind1=" " ind2=" " tag="580"><subfield code="a">Semiweekly ed.: Decatur herald (Decatur, Ill. : Semiweekly), &lt;1899-1907&gt;</subfield></datafield><datafield ind1=" " ind2="0" tag="651"><subfield code="a">Decatur (Ill.)</subfield><subfield code="v">Newspapers.</subfield></datafield><datafield ind1=" " ind2="7" tag="651"><subfield code="a">Illinois</subfield><subfield code="z">Decatur.</subfield><subfield code="2">fast</subfield><subfield code="0">(OCoLC)fst01208165</subfield></datafield><datafield ind1=" " ind2="7" tag="655"><subfield code="a">Newspapers.</subfield><subfield code="2">fast</subfield><subfield code="0">(OCoLC)fst01423814</subfield></datafield><datafield ind1=" " ind2=" " tag="752"><subfield code="a">United States</subfield><subfield code="b">Illinois</subfield><subfield code="c">Macon</subfield><subfield code="d">Decatur.</subfield></datafield><datafield ind1="1" ind2=" " tag="775"><subfield code="t">Decatur herald (Decatur, Ill. : Semiweekly)</subfield><subfield code="w">(DLC)sn 90054707</subfield><subfield code="w">(OCoLC)22714860</subfield></datafield><datafield ind1="1" ind2=" " tag="777"><subfield code="t">Decatur daily review (Decatur, Ill. : 1919),</subfield><subfield code="d">July 15-July 20, 1937</subfield><subfield code="w">(DLC)sn 90054700</subfield><subfield code="w">(OCoLC)22714420</subfield></datafield><datafield ind1="0" ind2="0" tag="780"><subfield code="t">Morning herald-dispatch</subfield><subfield code="w">(DLC)sn 84024092</subfield><subfield code="w">(OCoLC)10489540</subfield></datafield><datafield ind1="0" ind2="0" tag="785"><subfield code="t">Morning herald &amp; review</subfield><subfield code="w">(DLC)sn 90054709</subfield><subfield code="w">(OCoLC)22718750</subfield></datafield></record>